%%
%% WinShell 3.3.2.6
%% http://www.winshell.org/
%%

% Strings


% Preamble


% BibTeX Entries
@inproceedings{ddpg,
 author               = {Timothy P. Lillicrap and Jonathan J. Hunt and Alexander Pritzel and Nicolas Heess and Tom Erez and Yuval Tassa and David Silver and Daan Wierstra},
 booktitle            = {Proc. International Conference on Learning Representations (ICLR)},
 title                = {Continuous Control with Deep Reinforcement Learning},
 year                 = {2016},
 }

@misc{greg2016,
 author               = {Greg Brockman and Vicki Cheung and Ludwig Pettersson and Jonas Schneider and John Schulman and Jie Tang and Wojciech Zaremba},
 eprint               = {arXiv:1606.01540},
 title                = {OpenAI Gym},
 year                 = {2016},
 }

@inproceedings{gu2016,
 author               = {Shixiang Gu and Timothy P. Lillicrap and Ilya Sutskever and Sergey Levine},
 booktitle            = {Proc. International Conference on Machine Learning (ICML)},
 title                = {Continuous Deep Q-Learning with Model-based Acceleration},
 year                 = {2016},
 }

@article{henderson2017deep,
 author               = {Henderson, Peter and Islam, Riashat and Bachman, Philip and Pineau, Joelle and Precup, Doina and Meger, David},
 journal              = {arXiv preprint arXiv:1709.06560},
 title                = {Deep Reinforcement Learning that Matters},
 year                 = {2017},
 }

@inproceedings{koutnik2014,
 acmid                = {2598358},
 address              = {New York, NY, USA},
 author               = {Koutn\'{\i}k, Jan and Schmidhuber, Juergen and Gomez, Faustino},
 booktitle            = {Proceedings of the 2014 Annual Conference on Genetic and Evolutionary Computation},
 isbn                 = {978-1-4503-2662-9},
 keywords             = {deep learning, games, neuroevolution, reinforcement learning, vision-based torcs},
 location             = {Vancouver, BC, Canada},
 numpages             = {8},
 pages                = {541--548},
 publisher            = {ACM},
 series               = {GECCO '14},
 title                = {Evolving Deep Unsupervised Convolutional Networks for Vision-based Reinforcement Learning},
 year                 = {2014},
 }

@inproceedings{Lazaric2007,
 author               = {Alessandro Lazaric and Marcello Restelli and Andrea Bonarini},
 booktitle            = {Advances in Neural Information Processing Systems},
 title                = {Reinforcement learning in continuous action spaces through sequential monte carlo methods},
 year                 = {2007},
 }

@inproceedings{lee2016stochastic,
 author               = {Lee, Stefan and Prakash, Senthil Purushwalkam Shiva and Cogswell, Michael and Ranjan, Viresh and Crandall, David and Batra, Dhruv},
 booktitle            = {Advances in Neural Information Processing Systems},
 pages                = {2119--2127},
 title                = {Stochastic multiple choice learning for training diverse deep ensembles},
 year                 = {2016},
 }

@article{lee2017confident,
 author               = {Lee, Kimin and Hwang, Changho and Park, KyoungSoo and Shin, Jinwoo},
 journal              = {arXiv preprint arXiv:1706.03475},
 title                = {Confident Multiple Choice Learning},
 year                 = {2017},
 }

@inproceedings{levine2013guided,
 author               = {Levine, Sergey and Koltun, Vladlen},
 booktitle            = {Proceedings of the 30th International Conference on Machine Learning (ICML-13)},
 pages                = {1--9},
 title                = {Guided policy search},
 year                 = {2013},
 }

@article{mnih2015humanlevel,
 added-at             = {2015-08-26T14:46:40.000+0200},
 author               = {Mnih, Volodymyr and Kavukcuoglu, Koray and Silver, David and Rusu, Andrei A. and Veness, Joel and Bellemare, Marc G. and Graves, Alex and Riedmiller, Martin and Fidjeland, Andreas K. and Ostrovski, Georg and Petersen, Stig and Beattie, Charles and Sadik, Amir and Antonoglou, Ioannis and King, Helen and Kumaran, Dharshan and Wierstra, Daan and Legg, Shane and Hassabis, Demis},
 journal              = {Nature},
 pages                = {529--533},
 publisher            = {Nature Publishing Group, a division of Macmillan Publishers Limited. All Rights Reserved.},
 timestamp            = {2015-08-26T14:46:40.000+0200},
 title                = {Human-level control through deep reinforcement learning},
 volume               = {518},
 year                 = {2015},
 }

@misc{openaibase,
 author               = {Hesse, Christopher and Plappert, Matthias and Radford, Alec and Schulman, John and Sidor, Szymon and Wu, Yuhuai},
 howpublished         = {\url{https://github.com/openai/baselines}},
 journal              = {GitHub repository},
 publisher            = {GitHub},
 title                = {OpenAI Baselines},
 year                 = {2017},
 }

@inproceedings{pmlr-v48-mniha16,
 address              = {New York, New York, USA},
 author               = {Volodymyr Mnih and Adria Puigdomenech Badia and Mehdi Mirza and Alex Graves and Timothy Lillicrap and Tim Harley and David Silver and Koray Kavukcuoglu},
 booktitle            = {Proceedings of The 33rd International Conference on Machine Learning},
 editor               = {Maria Florina Balcan and Kilian Q. Weinberger},
 month                = {20--22 Jun},
 pages                = {1928--1937},
 publisher            = {PMLR},
 series               = {Proceedings of Machine Learning Research},
 title                = {Asynchronous Methods for Deep Reinforcement Learning},
 volume               = {48},
 year                 = {2016},
 }

@article{rupprecht2017iccv,
 author               = {Christian Rupprecht and Iro Laina and Robert DiPietro and Maximilian Baust and Federico Tombari and Nassir Navab and Gregory D. Hager},
 journal              = {International Conference on Computer Vision (ICCV 2017), Venice, Italy, October 2017},
 title                = {Learning in an Uncertain World: Representing Ambiguity Through Multiple Hypotheses},
 year                 = {2017},
 }

@inproceedings{schulman2015trust,
 author               = {Schulman, John and Levine, Sergey and Moritz, Philipp and Jordan, Michael and Abbeel, Pieter},
 booktitle            = {Proceedings of the 32Nd International Conference on International Conference on Machine Learning - Volume 37},
 pages                = {1889--1897},
 publisher            = {JMLR.org},
 series               = {ICML'15},
 title                = {Trust Region Policy Optimization},
 year                 = {2015},
 }

@inproceedings{silver2014deterministic,
 author               = {Silver, David and Lever, Guy and Heess, Nicolas and Degris, Thomas and Wierstra, Daan and Riedmiller, Martin},
 booktitle            = {Proceedings of the 31st International Conference on Machine Learning (ICML-14)},
 pages                = {387--395},
 title                = {Deterministic policy gradient algorithms},
 year                 = {2014},
 }

@article{Silver_2016,
 added-at             = {2016-03-11T14:36:05.000+0100},
 author               = {Silver, David and Huang, Aja and Maddison, Chris J. and Guez, Arthur and Sifre, Laurent and van den Driessche, George and Schrittwieser, Julian and Antonoglou, Ioannis and Panneershelvam, Veda and Lanctot, Marc and Dieleman, Sander and Grewe, Dominik and Nham, John and Kalchbrenner, Nal and Sutskever, Ilya and Lillicrap, Timothy and Leach, Madeleine and Kavukcuoglu, Koray and Graepel, Thore and Hassabis, Demis},
 journal              = {Nature},
 keywords             = {baduk go google},
 month                = {jan},
 number               = {7587},
 pages                = {484--489},
 publisher            = {Nature Publishing Group},
 timestamp            = {2016-03-11T14:37:40.000+0100},
 title                = {Mastering the Game of {Go} with Deep Neural Networks and Tree Search},
 volume               = {529},
 year                 = {2016},
 }

@book{sutton1998reinforcement,
 author               = {Sutton, Richard S and Barto, Andrew G},
 publisher            = {MIT press Cambridge},
 title                = {Reinforcement learning: An introduction},
 volume               = {1},
 year                 = {1998},
 }

@inproceedings{todorov2012mujoco,
 author               = {Todorov, Emanuel and Erez, Tom and Tassa, Yuval},
 booktitle            = {Intelligent Robots and Systems (IROS), 2012 IEEE/RSJ International Conference on},
 organization         = {IEEE},
 pages                = {5026--5033},
 title                = {MuJoCo: A physics engine for model-based control},
 year                 = {2012},
 }

@misc{TORCS,
 author               = {Bernhard Wymann and Eric Espi{\'e} and Christophe Guionneau and Christos Dimitrakakis and R{\'e}mi Coulom and Andrew Sumner},
 howpublished         = {http://www.torcs.org},
 title                = {{TORCS}, {T}he {O}pen {R}acing {C}ar {S}imulator},
 year                 = {2014},
 }

@article{watkins1992q,
 author               = {Watkins, Christopher JCH and Dayan, Peter},
 journal              = {Machine learning},
 number               = {3-4},
 pages                = {279--292},
 publisher            = {Springer},
 title                = {Q-learning},
 volume               = {8},
 year                 = {1992},
 }

@article{wawrzynski2009real,
 author               = {Wawrzy{\'n}ski, Pawe{\l}},
 journal              = {Neural Networks},
 number               = {10},
 pages                = {1484--1497},
 publisher            = {Elsevier},
 title                = {Real-time reinforcement learning by sequential actor--critics and experience replay},
 volume               = {22},
 year                 = {2009},
 }

@article{wawrzynski2013autonomous,
 author               = {Wawrzy{\'n}Ski, Pawe{\l} and Tanwani, Ajay Kumar},
 journal              = {Neural Networks},
 pages                = {156--167},
 publisher            = {Elsevier},
 title                = {Autonomous reinforcement learning with experience replay},
 volume               = {41},
 year                 = {2013},
 }

@article{wu2017,
 author               = {Wu, Yuhuai and Mansimov, Elman and Liao, Shun and Grosse, Roger and Ba, Jimmy},
 month                = {08},
 title                = {Scalable trust-region method for deep reinforcement learning using Kronecker-factored approximation},
 year                 = {2017},
 }
 
 

@InProceedings{a3c,
  title = 	 {Asynchronous Methods for Deep Reinforcement Learning},
  author = 	 {Volodymyr Mnih and Adria Puigdomenech Badia and Mehdi Mirza and Alex Graves and Timothy Lillicrap and Tim Harley and David Silver and Koray Kavukcuoglu},
  booktitle = 	 {Proceedings of The 33rd International Conference on Machine Learning},
  pages = 	 {1928--1937},
  year = 	 {2016},
  editor = 	 {Maria Florina Balcan and Kilian Q. Weinberger},
  volume = 	 {48},
  series = 	 {Proceedings of Machine Learning Research},
  month = 	 {20--22 Jun},
  publisher = {PMLR},
  pdf = 	 {http://proceedings.mlr.press/v48/mniha16.pdf},
}

@article{SchulmanWDRK17,
  author    = {John Schulman and
               Filip Wolski and
               Prafulla Dhariwal and
               Alec Radford and
               Oleg Klimov},
  title     = {Proximal Policy Optimization Algorithms},
  journal   = {arXiv},
  volume    = {abs/1707.06347},
  year      = {2017},
}


@InProceedings{ounoise, 
    author = {George E Uhlenbeck and Leonard S Ornstein},
    title = {On the theory of the Brownian motion}, 
    booktitle= {Physical review},
    pages = {823},
    volume = {36.5},
    year = {1930}
}

@article{paramnoise,
  title={Parameter Space Noise for Exploration},
  author={Matthias Plappert and Rein Houthooft and Prafulla Dhariwal and Szymon Sidor and Richard Y. Chen and Xi Chen and Tamim Asfour and Pieter Abbeel and Marcin Andrychowicz},
  journal={CoRR},
  year={2017},
  volume={abs/1706.01905}
}

@inproceedings{svg,
  author    = {Nicolas Heess and
               Gregory Wayne and
               David Silver and
               Timothy P. Lillicrap and
               Tom Erez and
               Yuval Tassa},
  title     = {Learning Continuous Control Policies by Stochastic Value Gradients},
  booktitle = {Advances in Neural Information Processing Systems},
  pages     = {2944--2952},
  year      = {2015},
}

@article{schulman2015high,
    title={High-dimensional continuous control using generalized advantage estimation},
    author={Schulman, John and Moritz, Philipp and Levine, Sergey and Jordan, Michael and Abbeel, Pieter},
    journal={arXiv preprint arXiv:1506.02438},
    year={2015}
}


@inproceedings{01_manu,
    author={H. Cao and H. Xi and S. F. Smith},
    booktitle={Proceedings of the 2003 Winter Simulation Conference, 2003.},
    title={A reinforcement learning approach to production planning in the fabrication/fulfillment manufacturing process},
    year={2003},
    volume={2},
    number={},
    pages={1417-1423 vol.2},
    doi={10.1109/WSC.2003.1261584},
    ISSN={},
    month={Dec}
}

@article{01_finance,
    author={J. Moody and M. Saffell},
    journal={IEEE Transactions on Neural Networks},
    title={Learning to trade via direct reinforcement},
    year={2001},
    volume={12},
    number={4},
    pages={875-889},
    doi={10.1109/72.935097},
    ISSN={1045-9227},
    month={Jul}
}

@article{01_control,
    author = {Jens Kober and J. Andrew Bagnell and Jan Peters},
    title ={Reinforcement learning in robotics: A survey},
    journal = {The International Journal of Robotics Research},
    volume = {32},
    number = {11},
    pages = {1238-1274},
    year = {2013},
    doi = {10.1177/0278364913495721},
    URL = {https://doi.org/10.1177/0278364913495721},
    eprint = {https://doi.org/10.1177/0278364913495721}
}

@article{01_imagenet,
    author = {Russakovsky, Olga and Deng, Jia and Su, Hao and Krause, Jonathan and Satheesh, Sanjeev and Ma, Sean and Huang, Zhiheng and Karpathy, Andrej and Khosla, Aditya and Bernstein, Michael and Berg, Alexander C. and Fei-Fei, Li},
    title = {ImageNet Large Scale Visual Recognition Challenge},
    journal = {Int. J. Comput. Vision},
    issue_date = {December  2015},
    volume = {115},
    number = {3},
    month = dec,
    year = {2015},
    issn = {0920-5691},
    pages = {211--252},
    numpages = {42},
    url = {http://dx.doi.org/10.1007/s11263-015-0816-y},
    doi = {10.1007/s11263-015-0816-y},
    acmid = {2846559},
    publisher = {Kluwer Academic Publishers},
    address = {Hingham, MA, USA},
    keywords = {Benchmark, Dataset, Large-scale, Object detection, Object recognition},
} 

@article{01_alphago,
    title = {Mastering the game of Go with deep neural networks and tree search},
    author  = {David Silver and Aja Huang and Christopher J. Maddison and Arthur Guez and Laurent Sifre and George van den Driessche and Julian Schrittwieser and Ioannis Antonoglou and Veda Panneershelvam and Marc Lanctot and Sander Dieleman and Dominik Grewe and John Nham and Nal Kalchbrenner and Ilya Sutskever and Timothy Lillicrap and Madeleine Leach and Koray Kavukcuoglu and Thore Graepel and Demis Hassabis},
    year  = {2016},
    URL = {http://www.nature.com/nature/journal/v529/n7587/full/nature16961.html},
    journal = {Nature},
    pages = {484--503},
    volume  = {529}
}


@incollection{01_dqn,
  title = {Playing Atari With Deep Reinforcement Learning},
  author = {Volodymyr Mnih and Koray Kavukcuoglu and David Silver and Alex Graves and Ioannis Antonoglou and Daan Wierstra and Martin Riedmiller},
  booktitle = {NIPS Deep Learning Workshop},
  year = {2013}
}

@Article{Lin1992,
    author="Lin, Long-Ji",
    title="Self-improving reactive agents based on reinforcement learning, planning and teaching",
    journal="Machine Learning",
    year="1992",
    month="May",
    day="01",
    volume="8",
    number="3",
    pages="293--321",
    issn="1573-0565",
    doi="10.1007/BF00992699",
    url="https://doi.org/10.1007/BF00992699"
}

@phdthesis{schulman_policy_opt,
    Author = {Schulman, John},
    Title = {Optimizing Expectations: From Deep Reinforcement Learning to Stochastic Computation Graphs},
    School = {EECS Department, University of California, Berkeley},
    Year = {2016},
    Month = {Dec},
    URL = {http://www2.eecs.berkeley.edu/Pubs/TechRpts/2016/EECS-2016-217.html},
    Number = {UCB/EECS-2016-217},
}

@TECHREPORT{bishop_mdn,
    author = {Christopher M. Bishop},
    title = {Mixture density networks},
    institution = {},
    year = {1994}
}

@article{Nagabandi2017NeuralND,
    title={Neural Network Dynamics for Model-Based Deep Reinforcement Learning with Model-Free Fine-Tuning},
    author={Anusha Nagabandi and Gregory Kahn and Ronald S. Fearing and Sergey Levine},
    journal={CoRR},
    year={2017},
    volume={abs/1708.02596}
}

@article{French1999CatastrophicFI,
  title={Catastrophic forgetting in connectionist networks.},
  author={French},
  journal={Trends in cognitive sciences},
  year={1999},
  volume={3 4},
  pages={128-135}
}